1945 3256
607 153 630 165 N

295 164 378 204 186
745 161 916 204 Hem-ew
937 163 1024 204 and
1049 162 1306 204 Tazmudical
1448 162 1544 219 [ch.
1563 162 1674 204 xviii.
1698 138 1706 203 i
1717 176 1760 218 3.

293 270 476 311 varietas
497 269 580 310 ista
601 269 904 321 decimationis,
926 270 978 311 de
1000 285 1082 326 qua
1107 269 1440 312 Maimonidesb:
1474 274 1502 293 “
1519 269 1759 320 Portiones,

294 352 399 394 quas
429 337 546 378 dedit
579 337 760 379 Sanctus
792 338 1047 380 Benedictus
1078 353 1130 380 ex
1164 339 1289 394 Lege,
1311 338 1377 380 hae
1408 343 1558 379 erant:
1593 337 1668 379 viz.
1695 337 1761 380 Ut

292 409 390 460 post
429 404 693 454 messionem,
733 405 1066 456 triturationem,
1107 411 1150 447 et
1191 406 1521 454 ventilationem,
1563 405 1762 446 tollerent

292 472 530 528 portionem
564 487 691 514 unam
727 473 778 514 de
814 473 1132 530 quinquaginta,
1170 483 1213 515 et
1249 474 1401 515 darent
1438 472 1683 515 Sacerdoti:
1716 477 1760 514 et

290 541 381 582 haec
406 544 556 582 vocata
586 545 650 581 est
682 520 837 589 ΠῘὩἾἾᾸ
873 548 1051 588 mmmm
1072 542 1259 582 Elevatio
1290 556 1450 596 mayna.
1513 539 1687 587 Deinde,
1710 544 1760 580 ut

292 609 344 650 de
365 609 526 664 reliquo
546 609 699 650 tollant
718 615 884 665 partem
905 625 1032 651 unam
1054 610 1106 650 de
1128 609 1284 659 decem,
1301 623 1426 665 quarn
1448 609 1551 649 dent
1573 606 1758 648 Levitae:

292 682 336 718 et
363 677 454 718 haec
481 682 631 718 vocata
655 682 721 718 est
753 681 901 742 ῙἾΨΝἾ
936 684 1080 726 *unffi
1102 678 1277 718 Decima·
1301 676 1454 730 prima.
1518 676 1577 717 Et
1611 679 1761 730 postea

292 745 344 786 de
374 745 535 800 reliquo
567 745 718 786 tollant
749 746 954 787 decimam
982 747 1072 801 ejus
1099 750 1293 800 partem:
1329 750 1371 785 et
1399 744 1490 785 haec
1515 748 1667 784 vocata
1694 747 1760 783 est

290 819 371 859 Ὁτι]
400 820 545 863 &tvvm
569 815 740 855 Decima
761 814 947 855 secunda.
1012 814 1137 855 Hanc
1169 813 1375 854 decimam
1405 813 1634 854 tenebatur
1663 825 1759 866 pos-

291 897 429 923 sessor
455 882 606 924 afferre
629 882 979 937 Hierosolymam,
1003 886 1133 936 atque
1165 881 1245 922 illic
1277 881 1507 922 comedere.
1571 879 1693 932 Quod
1724 877 1758 919 si

289 963 374 989 non
406 954 550 1004 posset
582 963 674 989 eam
708 948 803 988 illuc
837 953 1022 1003 portare,
1054 948 1237 989 redimat
1272 947 1473 1003 pecuniag
1506 951 1550 987 et
1581 944 1760 1001 pecunia

291 1014 609 1070 Hierosolymas
630 1014 770 1064 allata,
793 1019 959 1056 coemat
981 1029 1073 1069 quae
1100 1015 1308 1063 comedat,
1333 1016 1405 1055 &c.
1467 1013 1605 1054 Tollat
1629 1012 1758 1053 etiam

289 1087 442 1128 Levita
464 1087 515 1127 de
537 1085 698 1127 decima
726 1100 802 1127 sua
829 1090 994 1140 partem
1017 1085 1233 1134 decimam,
1257 1090 1299 1126 et
1331 1086 1404 1126 det
1437 1083 1682 1126 Sacerdoti:
1715 1087 1758 1124 et

289 1152 379 1194 haec
410 1158 588 1194 vocatur
617 1160 805 1203 ἾΨὩὩΠ
839 1157 893 1218 {D
930 1160 1074 1203 *mmm
1097 1155 1268 1194 Decima
1304 1153 1351 1194 de
1385 1153 1551 1194 decima.
1615 1151 1674 1192 Et
1706 1151 1758 1192 de

289 1236 537 1276 quacunque
558 1222 752 1277 portione
773 1237 856 1263 non
879 1222 1138 1263 tollebantur
1155 1223 1219 1263 hae
1237 1222 1422 1269 decimae,
1439 1221 1509 1262 illa
1525 1221 1757 1261 vocabatur

288 1278 407 1345 ³71&-
469 1301 572 1353 Quae
601 1307 666 1343 est
687 1317 767 1342 vox
796 1301 1042 1357 composita,
1078 1280 1151 1346 ἕνῇ
1186 1307 1254 1346 :m
1286 1315 1364 1341 ozon
1397 1300 1549 1341 bonum.
1612 1299 1681 1341 Sic
1714 1304 1758 1340 et

288 1373 422 1413 ἾΝΌἻ
443 1374 508 1410 est
536 1384 597 1410 res
627 1369 763 1411 dubia..
829 1370 878 1410 Id
901 1375 978 1418 est,
1001 1384 1095 1410 cum
1116 1370 1348 1425 ignoratur,
1370 1383 1423 1410 an
1446 1369 1496 1409 de
1519 1383 1568 1410 ea
1589 1372 1759 1423 sumpta

288 1436 345 1478 sit
367 1437 540 1487 decima,
564 1453 705 1479 necne.
756 1438 813 1479 Et
834 1438 923 1479 haec
945 1438 1073 1479 etiam
1096 1443 1161 1479 est
1182 1453 1262 1478 vox
1283 1437 1530 1492 composita,
1553 1442 1651 1482 ”Nn
1684 1442 1756 1481 &ff

293 1506 404 1557 Quid
420 1506 488 1547 hoc
502 1506 552 1547 Γ

347 1573 457 1615 Erat
497 1583 541 1616 et
577 1581 653 1625 'ly
685 1582 830 1624 ‘'lwym
867 1575 1023 1616 decima
1056 1590 1304 1631 pauperum.
1374 1575 1512 1617 Quam
1554 1578 1756 1628 reputant

289 1656 378 1683 osse
404 1657 456 1683 ex
484 1643 731 1698 praescripto
758 1643 907 1699 Legis:
944 1659 993 1685 ex
1018 1644 1155 1684 verbis
1185 1643 1341 1685 scilicet
1374 1643 1455 1684 isto
1481 1643 1572 1683 loco
1595 1642 1756 1683 Deute-

287 1725 448 1751 ronom.
481 1712 676 1767 allegato,
706 1712 901 1767 alibique.
966 1712 1126 1753 Verum
1159 1718 1238 1770 ρὙἸ
1270 1718 1416 1761 ἾἮὩὮ
1453 1710 1757 1752 decimationem

288 1779 439 1820 olerum
467 1780 682 1821 fatenturC
710 1796 800 1821 esse
832 1796 884 1821 ex
916 1781 1165 1836 praescripto
1194 1779 1520 1835 Rabbinorum]
1565 1779 1650 1819 But
1681 1777 1755 1819 tell

288 1861 369 1897 me,
393 1848 429 1888 Ο
456 1849 559 1888 thou
594 1849 808 1895 l’harisee‚
835 1849 932 1890 dost
964 1849 1067 1890 thou
1100 1850 1199 1890 thus
1231 1848 1398 1902 strictly
1425 1847 1518 1902 give
1548 1847 1681 1888 tithes
1712 1846 1760 1887 of

287 1916 341 1956 all
371 1916 513 1971 things
542 1922 617 1958 out
645 1919 692 1957 of
715 1932 767 1957 an
799 1918 950 1959 honest
971 1917 1086 1958 mind
1111 1918 1195 1958 and
1223 1931 1326 1972 pure
1351 1915 1520 1971 justice,
1542 1914 1633 1964 viz.,
1656 1914 1754 1956 that

288 1984 361 2025 the
392 1984 524 2038 priest
559 1985 641 2025 and
680 1985 826 2026 Levite
865 1986 949 2026 and
979 2000 1085 2040 poor
1118 2000 1214 2039 may
1245 1985 1351 2026 have
1381 1998 1504 2037 every
1534 1997 1612 2023 one
1643 1983 1754 2023 their

289 2051 412 2093 own?
452 2053 534 2093 and
567 2058 642 2094 not
674 2054 821 2094 rather
849 2059 924 2094 out
954 2053 1001 2094 of
1026 2067 1139 2094 mere
1167 2054 1256 2093 sear
1283 2052 1368 2094 and
1399 2051 1542 2101 dread,
1577 2051 1754 2091 because

288 2121 336 2161 of
359 2120 456 2161 that
483 2121 584 2169 rule,
609 2127 632 2143 “
652 2121 722 2162 He
746 2121 842 2162 that
870 2122 1015 2162 eateth
1043 2122 1092 2162 of
1116 2120 1258 2176 things
1286 2120 1383 2160 that
1410 2133 1483 2160 are
1511 2123 1586 2159 not
1615 2118 1753 2159 tithed

288 2188 324 2229 is
345 2189 508 2243 worthy
529 2189 577 2229 of
593 2189 752 2230 deathd
767 2189 810 2230 2''

348 2257 449 2297 Ver.
478 2266 585 2311 13⁶:
631 2258 708 2298 Καὶ
750 2259 769 2297 ὁ
810 2258 983 2307 τελώυης
1023 2258 1216 2309 μακρόθεν
1250 2257 1385 2306 ἑστὼς,
1423 2256 1500 2297 ἅῖιο.
1554 2255 1657 2295 And
1694 2254 1754 2295 the

280 2324 493 2379 publicam,
515 2325 704 2380 standing]
726 2325 827 2379 afar
847 2325 918 2380 off}
943 2324 1040 2380 ἐξα]
1063 2344 1067 2348 ·
1088 2325 1125 2365 Ι.
1148 2324 1261 2365 That
1286 2324 1359 2365 the
1380 2318 1611 2372 Ismblites,
1633 2322 1754 2363 when

287 2393 389 2449 they
420 2399 532 2435 went
571 2394 662 2435 into
702 2394 775 2435 the
811 2393 982 2449 Temple
1022 2398 1068 2434 to
1108 2398 1185 2448 put
1220 2408 1275 2448 up
1312 2392 1424 2434 their
1457 2406 1548 2433 own
1588 2391 1753 2446 private

287 2477 475 2518 prayers,
500 2468 608 2504 went
635 2463 801 2518 beyond
828 2463 902 2503 the
926 2462 1116 2504 outward
1138 2467 1273 2512 court,
1296 2476 1345 2502 or
1365 2461 1438 2502 the
1459 2461 1594 2502 Gom-t
1614 2461 1661 2500 of
1682 2459 1755 2501 the

289 2531 494 2581 Gentiles,
515 2531 606 2573 into
633 2532 707 2572 the
729 2531 863 2573 Oourt
883 2531 930 2572 of
949 2531 1023 2572 the
1043 2531 1224 2571 Women
1243 2546 1252 2578 ;
1285 2529 1384 2580 this,
1406 2535 1604 2583 amongst
1631 2528 1755 2570 other

287 2599 446 2654 things,
469 2601 616 2641 makes
646 2599 681 2641 it
711 2600 891 2648 evident,
913 2599 1002 2648 viz.,
1026 2599 1122 2640 that
1149 2599 1192 2639 in
1217 2598 1314 2640 that
1335 2603 1457 2639 court
1479 2611 1586 2638 were
1605 2596 1751 2651 placed

289 2667 473 2709 thirteen
495 2674 683 2713 ΠἿἾΞἾΨ
704 2669 992 2722 eleemosynam]
1011 2667 1144 2718 chests,
1165 2667 1256 2708 into
1278 2666 1411 2707 which
1432 2666 1533 2720 they
1555 2665 1688 2706 threw
1709 2664 1752 2704 in

290 2735 401 2776 their
421 2736 642 2790 voluntary
663 2736 898 2777 oblations:
929 2735 1063 2776 which
1084 2750 1168 2777 was
1190 2735 1299 2776 done
1320 2735 1374 2789 by
1394 2734 1469 2775 the
1491 2733 1635 2773 widow
1651 2731 1752 2772 with

289 2803 365 2844 her
385 2810 468 2844 two
489 2804 614 2845 mites
637 2804 676 2844 in
699 2805 797 2845 that
819 2805 947 2859 place.

360 2898 377 2922 ¹³
397 2899 438 2933 ln
459 2899 578 2934 Berac.
598 2911 672 2944 cap.
687 2908 717 2943 7.
825 2904 840 2922 c
858 2899 975 2940 Joma,
994 2899 1053 2933 fol.
1068 2900 1124 2944 83.
1139 2910 1170 2933 2.
1277 2897 1295 2922 <¹
1316 2896 1486 2932 Sanhedr.
1506 2896 1564 2931 fol.
1577 2895 1634 2941 83.
1652 2907 1681 2930 1.

652 2952 667 2969 θ
699 2946 839 2989 ΕπῃΗ-ςῆ
848 2947 944 2989 folio
962 2946 1100 2987 edition,
1121 2946 1188 2980 vol.
1205 2945 1238 2978 ii.
1259 2957 1291 2990 p.
1307 2945 1387 2987 464.
